@article{zhou2023promptbreeder,
  title={Promptbreeder: Self-referential self-improvement via prompt evolution},
  author={Zhou, J. and Han, X. and Liu, L. and Zhang, L. and Wang, W. Y. and He, X.},
  journal={arXiv preprint arXiv:2309.16797},
  year={2023},
  url={https://arxiv.org/abs/2309.16797}
}

@article{wang2023evolving,
  title={Evolving parameterized prompt memory for continual learning},
  author={Wang, J. and Xu, Y. and Chen, D. and Liu, S.},
  journal={arXiv preprint arXiv:2301.12314},
  year={2023},
  url={https://arxiv.org/abs/2301.12314}
}

@inproceedings{shi2024self,
  title={Self-evolving GPT: A lifelong autonomous experiential learner},
  author={Shi, W. and Li, B. and Wu, Y. and Lin, Z. and Han, X. and Yang, Y.},
  booktitle={Proceedings of the 62nd Annual Meeting of the Association for Computational Linguistics (Volume 1: Long Papers)},
  year={2024},
  url={https://aclanthology.org/2024.acl-long.346/}
}

@misc{microsoft2023promptwizard,
  title={PromptWizard: The future of prompt optimization through feedback-driven self-evolving prompts},
  author={{Microsoft Research}},
  year={2023},
  month={10},
  day={10},
  howpublished={Microsoft Research Blog},
  url={https://www.microsoft.com/en-us/research/blog/promptwizard-the-future-of-prompt-optimization-through-feedback-driven-self-evolving-prompts/}
}

@article{yin2023progressive,
  title={Progressive prompts: Continual learning for language models},
  author={Yin, M. and Liu, Y. and Xie, Y. and Zhang, C.},
  journal={arXiv preprint arXiv:2301.12314},
  year={2023},
  url={https://arxiv.org/abs/2301.12314}
}

@article{aswani2024auto,
  title={Auto-Evolve: Enhancing Large Language Model's Performance via Self-Reasoning Framework},
  author={Aswani, K. and Lu, H. and Patankar, P. and Dhalwani, P. and Tan, I. and Ganeshmohan, J. and Lacasse, S.},
  journal={arXiv preprint arXiv:2410.06328},
  year={2024},
  url={https://arxiv.org/abs/2410.06328}
}

@article{zhang2024revolve,
  title={Revolve: Optimizing AI Systems by Tracking Response Evolution in Textual Optimization},
  author={Zhang, P. and Jin, H. and Hu, L. and Li, X. and Kang, L. and Luo, M. and Song, Y. and Wang, H.},
  journal={arXiv preprint arXiv:2412.03092},
  year={2024},
  url={https://arxiv.org/abs/2412.03092}
}

@article{kepel2024autonomous,
  title={Autonomous Prompt Engineering in Large Language Models},
  author={Kepel, D. and Valogianni, K.},
  journal={arXiv preprint arXiv:2407.11000},
  year={2024},
  url={https://arxiv.org/abs/2407.11000}
}

@inproceedings{wong2023prompt,
  title={Prompt Evolution for Generative AI: A Classifier-Guided Approach},
  author={Wong, M. and Ong, Y. S. and Gupta, A. and Bali, K. K. and Chen, C.},
  booktitle={Proceedings of the 2023 IEEE Conference on Artificial Intelligence (CAI)},
  pages={1--8},
  year={2023},
  organization={IEEE},
  doi={10.1109/CAI54212.2023.00105}
}

@inproceedings{acm2024social,
  title={The Social Construction of Generative AI Prompts},
  author={{ACM SIGCHI}},
  booktitle={Extended Abstracts of the CHI Conference on Human Factors in Computing Systems (CHI EA '24)},
  year={2024},
  organization={Association for Computing Machinery},
  doi={10.1145/3613905.3650947}
}

@inproceedings{acm2024genai,
  title={GenAI and Prompt Engineering: A Progressive Framework for Empowering the Workforce},
  author={{ACM EuroPLoP}},
  booktitle={Proceedings of the 29th European Conference on Pattern Languages of Programs, People, and Practices (EuroPLoP '24)},
  year={2024},
  organization={Association for Computing Machinery},
  doi={10.1145/3698322.3698348}
}

@inproceedings{acm2025prompt,
  title={From Prompt Engineering to Prompt Craft},
  author={{ACM TEI}},
  booktitle={Proceedings of the Nineteenth International Conference on Tangible, Embedded, and Embodied Interaction (TEI '25)},
  year={2025},
  organization={Association for Computing Machinery},
  doi={10.1145/3689050.3704424}
} 